@article{anderson-jls09,
author = "J. R. Anderson and A. T. Corbett and K. R. Koedinger",
title = "Cognitive Tutors: Lessons Learned",
journal = "Journal of the Learning Sciences",
volume = 4,
number = 2,
year = 1995,
pages = "167--207"
}


@article{zerr-primus11,
author = "J. M. Zerr and R. J. Zerr",
title = "Learning from Their mistakes: Using Students' Incorrect Proofs as a Pedagogical Tool",
journal = "PRIMUS: Problems, Resources, and Issues in Mathematics Undergraduate Studies",
volume = 21,
number = 6,
year = 2011,
pages = "530--544"
}

@unpublished{blank-scs12,
author = "A. Blank",
title = "{ColorMyGraph}: Student Proof Analysis and Verification",
year = 2012,
note = "Carnegie Mellon University School of Computer Science"
}

@techreport{bryant-ugrad10,
author = "R. E. Bryant and K. Sutner and M. J. Stehlik",
title = "Introductory Computer Science Education at {Carnegie Mellon University}: A Deans' Perspective",
year = 2010,
institution = "Carnegie Mellon University School of Computer Science",
number = "CMU-CS-10-140"
}

@article{wing-cacm06,
author = "J. M. Wing",
title = "Computational Thinking",
journal = "Communications of the ACM",
volume = "49",
number = "3",
year = "2006",
month = "March",
pages = "33--35"
}

@article{hoare-cacm69,
 author = "C. A. R. Hoare",
 title = "An Axiomatic Basis for Computer Programming",
 journal = "Comm. ACM",
 volume = {12},
 number = {10},
 month = oct,
 year = {1969},
 pages = {576--580},
 publisher = {ACM},
} 
                  
@article{hudak-cs89,
 author = "P. Hudak",
 title = "Conception, Evolution, and Application of Functional Programming Languages",
 journal = "ACM Computing Surveys",
 volume = {21},
 number = {3},
 month = sep,
 year = {1989},
 pages = "359--411",
}

@article{lewin-nyt12,
 author = "T. Lewin",
 title = "Instruction for Masses Knocks Down Campus Walls",
 journal = "New York Times",
 month = "March 4",
 year = "2012"
}

@article{arenson-nyt00,
 author = "K. W. Arenson",
 title = "Lining Up to Get a Lecture;  A Class with 1,600 Students and One Popular Teacher",
 journal = "New York Times",
 month = "November 17",
 year = "2000"
}
                  

@inproceedings{wolfe-ite04,
 author = "W. J. Wolfe",
 title = "Online Student Peer Reviews",
 booktitle = {Proceedings of the 5th Conference on Information Technology Education},
 year = {2004},
 pages = "33--37",
 publisher = {ACM},
} 

@article{gehringer-sigcse05,
 author = "E. F. Gehringer and D. D. Chinn and M. A. P{\'e}rez-Qui{\~{n}}ones and M. A. Ardis",
 title = "Using Peer Review in Teaching Computing",
 journal = {SIGCSE Bulletin},
 issue_date = {2005},
 volume = {37},
 number = {1},
 month = feb,
 year = {2005},
 pages = {321--322},
 publisher = {ACM},
} 


@article{quinn-chi11,
 author = "A. J. Quinn and B. B. Bederson",
 title = "Human Computation: A Survey and Taxonomy of a Growing Field",
 journal = "Conference on Human Factors in Computing Systems (CHI '11)",
 year = {2011},
 pages = "1403--1412",
 publisher = {ACM},
} 

@techreport{vonahn05,
author = "L. von~Ahn",
title = "Human Computation",
year = 2005,
institution = "Carnegie Mellon University School of Computer Science",
number = "CMU-CS-05-193"
}

@article{jones-amm77,
author = "F. B. Jones",
title = "The {Moore} Method",
journal = "American Mathematical Monthly",
volume = 84,
number = 4,
year = 1977,
pages = "273--278"
}

@article{cohen-amm82,
author = "D. W. Cohen",
title = "A Modified {Moore} Method for Teaching Undergraduate Mathematics",
journal = "American Mathematical Monthly",
volume = 89,
number = 7,
year = 1982,
pages = "473--474, 487--490"
}

@article{reisel-amm82,
author = "R. B. Reisel",
title = "How to Construct and Analyze Proofs---A Seminar Course",
journal = "American Mathematical Monthly",
volume = 89,
number = 7,
year = 1982,
pages = "490--492"
}


@article{carson-am12,
author = "S. Carson and J. P. Schmidt",
title = "The Massive Open Online Professor",
journal = "Academic Matters",
year = 2012,
month = may
}

@article{romagnono-mt01,
author = "L. Romagnono",
title = "The Myth of Objectivity in Mathematics Assessment",
journal = "The Math Teacher",
year = 2001,
volume = 94,
number = 1
}

@article{moskal-pa2000,
author = "B. M. Moskal and J. A. Leydens",
title = "Scoring Rubric Development: Validity and Reliability",
journal = "Practical Assessment, Research and Evaluation",
volume = 7,
number = 10,
year = 2000
}